<record><leader>00000cas a22000007a 4500</leader><controlfield tag="001">22333480</controlfield><controlfield tag="008">900905d19711972ohuwr ne      0    0eng d</controlfield><datafield ind1=" " ind2=" " tag="010"><subfield code="a">sn 90068437 </subfield></datafield><datafield ind1=" " ind2=" " tag="040"><subfield code="a">ONP</subfield><subfield code="b">eng</subfield><subfield code="c">ONP</subfield><subfield code="d">OCLCQ</subfield></datafield><datafield ind1=" " ind2=" " tag="042"><subfield code="a">msc</subfield></datafield><datafield ind1="0" ind2=" " tag="130"><subfield code="a">West Side sun (Cleveland, Ohio)</subfield></datafield><datafield ind1="1" ind2="0" tag="245"><subfield code="a">West Side sun.</subfield></datafield><datafield ind1=" " ind2=" " tag="260"><subfield code="a">Cleveland, Ohio :</subfield><subfield code="b">ComCorp,</subfield><subfield code="c">1971-1972.</subfield></datafield><datafield ind1=" " ind2=" " tag="300"><subfield code="a">v.</subfield></datafield><datafield ind1=" " ind2=" " tag="310"><subfield code="a">Weekly</subfield></datafield><datafield ind1="0" ind2=" " tag="362"><subfield code="a">Vol. 51, no. 5 (Feb. 4, 1971)-v. 52, no. 35 (Aug. 30, 1972).</subfield></datafield><datafield ind1=" " ind2=" " tag="500"><subfield code="a">Published as: The West Side news sun on Aug. 30, 1972.</subfield></datafield><datafield ind1=" " ind2=" " tag="752"><subfield code="a">United States</subfield><subfield code="b">Ohio</subfield><subfield code="c">Cuyahoga</subfield><subfield code="d">Cleveland.</subfield></datafield><datafield ind1="0" ind2="0" tag="780"><subfield code="t">West Side sun news (Cleveland, Ohio : 1969)</subfield><subfield code="w">(DLC)sn 90068438</subfield></datafield><datafield ind1="0" ind2="0" tag="785"><subfield code="t">West Side sun news (Cleveland, Ohio : 1972)</subfield><subfield code="w">(DLC)sn 90068436</subfield></datafield></record>